<?xml version="1.0" encoding="UTF-8"?><collection xmlns="http://www.loc.gov/MARC21/slim"><record><leader>00691nam--2200181-u-4500</leader><controlfield tag="001">000054624</controlfield><controlfield tag="002">20161230</controlfield><controlfield tag="005">20161230201051</controlfield><controlfield tag="008">120404s1000------------r-----000-0-eng-d</controlfield><datafield ind1=" " ind2=" " tag="040"><subfield code="a">IFIN-HH</subfield></datafield><datafield ind1=" " ind2=" " tag="080"><subfield code="a">539.143(061.3)</subfield></datafield><datafield ind1="1" ind2=" " tag="100"><subfield code="a">Buballa, M. /S.A.</subfield></datafield><datafield ind1="1" ind2="0" tag="245"><subfield code="a">Hirschegg 2000 : hadrons in dense matter</subfield><subfield code="b">Proceedings of the international workshop xxviii on gross properties of nuclei and nuclear excitations hirschegg, austria, january 16-22, 2000</subfield><subfield code="c">M. buballa, w. norenberg, b.-j. schaefer, j. wambach (eds.)</subfield></datafield><datafield ind1=" " ind2=" " tag="260"><subfield code="a">Darmstadt</subfield><subfield code="b">Gesellschaft Fur Schwerionenforschung</subfield><subfield code="c">2000</subfield></datafield><datafield ind1=" " ind2=" " tag="300"><subfield code="a">346P</subfield></datafield><datafield ind1="1" ind2=" " tag="700"><subfield code="a">Wambach, J</subfield><subfield code="e">Ed</subfield></datafield><datafield ind1=" " ind2=" " tag="852"><subfield code="a">72096</subfield><subfield code="c">539.14</subfield></datafield><datafield ind1=" " ind2=" " tag="CAT"><subfield code="a">Sys</subfield><subfield code="c">20120404</subfield><subfield code="h">155454</subfield></datafield></record></collection>